<?xml version="1.0" encoding="UTF-8"?><record xmlns="http://www.loc.gov/MARC21/slim" xmlns:cinclude="http://apache.org/cocoon/include/1.0" xmlns:zs="http://www.loc.gov/zing/srw/">
  <leader>00361nz  a2200121n  4500</leader>
  <controlfield tag="001">nr 95002911 </controlfield>
  <controlfield tag="003">DLC</controlfield>
  <controlfield tag="005">19950126055156.7</controlfield>
  <controlfield tag="008">950124n| acannaab|          |n aaa     c</controlfield>
  <datafield tag="010" ind1=" " ind2=" ">
    <subfield code="a">nr 95002911 </subfield>
  </datafield>
  <datafield tag="040" ind1=" " ind2=" ">
    <subfield code="a">NjP</subfield>
    <subfield code="c">NjP</subfield>
  </datafield>
  <datafield tag="100" ind1="1" ind2="0">
    <subfield code="a">Bonitz, Eberhard,</subfield>
    <subfield code="d">1921-1980</subfield>
  </datafield>
  <datafield tag="670" ind1=" " ind2=" ">
    <subfield code="a">Klangspiele, 1981?:</subfield>
    <subfield code="b">label (Eberhard Bonitz) container (1921-1980; German organist and composer)</subfield>
  </datafield>
</record>